@online{mdn_html,
  author       = {{Mozilla Developer Network}},
  title        = {HTML: HyperText Markup Language},
  year         = 2005,
  url          = {https://developer.mozilla.org/en-US/docs/Web/HTML},
  urldate      = {2024-07-28}
}

@online{mdn_css,
  author       = {{Mozilla Developer Network}},
  title        = {CSS: Cascading Style Sheets},
  year         = 2005,
  url          = {https://developer.mozilla.org/en-US/docs/Web/CSS},
  urldate      = {2024-07-28}
}

@online{mdn_js,
  author       = {{Mozilla Developer Network}},
  title        = {JavaScript},
  year         = 2005,
  url          = {https://developer.mozilla.org/en-US/docs/Web/JavaScript},
  urldate      = {2024-07-28}
}



